<record><leader>00000cas a22000007a 4500</leader><controlfield tag="001">14773706</controlfield><controlfield tag="008">861120d19501968paudn ne      0    0eng d</controlfield><datafield ind1=" " ind2=" " tag="010"><subfield code="a">sn 86083379 </subfield></datafield><datafield ind1=" " ind2=" " tag="040"><subfield code="a">NPH</subfield><subfield code="b">eng</subfield><subfield code="c">NPH</subfield><subfield code="d">OCLCQ</subfield></datafield><datafield ind1=" " ind2=" " tag="042"><subfield code="a">msc</subfield></datafield><datafield ind1="0" ind2=" " tag="130"><subfield code="a">Daily dispatch (New Kensington, Pa.)</subfield></datafield><datafield ind1="1" ind2="0" tag="245"><subfield code="a">Daily dispatch.</subfield></datafield><datafield ind1=" " ind2=" " tag="260"><subfield code="a">New Kensington, Pa. :</subfield><subfield code="b">Aldon Pub. Co.,</subfield><subfield code="c">1950-1968.</subfield></datafield><datafield ind1=" " ind2=" " tag="300"><subfield code="a">v. :</subfield><subfield code="b">ill.</subfield></datafield><datafield ind1=" " ind2=" " tag="310"><subfield code="a">Daily (except Sun.)</subfield></datafield><datafield ind1="0" ind2=" " tag="362"><subfield code="a">Vol. 59, no. 239 (Aug. 31, 1950)-v. 48, no. 286 (Aug. 17, 1968).</subfield></datafield><datafield ind1=" " ind2=" " tag="500"><subfield code="a">Also published in Arnold, Pa., &lt;1954&gt;.</subfield></datafield><datafield ind1=" " ind2=" " tag="500"><subfield code="a">Serves "New Kenington-Arnold-Plum-Lower Burrell, Pa.," &lt;Aug 1, 1968&gt;.</subfield></datafield><datafield ind1=" " ind2=" " tag="500"><subfield code="a">Editor: J. Albert Dear, &lt;1954&gt;.</subfield></datafield><datafield ind1=" " ind2=" " tag="752"><subfield code="a">United States</subfield><subfield code="b">Pennsylvania</subfield><subfield code="c">Westmoreland</subfield><subfield code="d">New Kensington.</subfield></datafield><datafield ind1=" " ind2=" " tag="752"><subfield code="a">United States</subfield><subfield code="b">Pennsylvania</subfield><subfield code="c">Westmoreland</subfield><subfield code="d">Arnold.</subfield></datafield><datafield ind1="0" ind2="0" tag="780"><subfield code="t">New Kensington daily dispatch</subfield><subfield code="w">(DLC)sn 86083378</subfield></datafield><datafield ind1="0" ind2="0" tag="785"><subfield code="t">Daily dispatch, the valley daily news</subfield><subfield code="w">(DLC)sn 86083380</subfield></datafield><datafield ind1="1" ind2=" " tag="029"><subfield code="a">AU@</subfield><subfield code="b">000025821063</subfield></datafield></record>